@ARTICLE{bengio12representation,
       author = {{Bengio}, Yoshua and {Courville}, Aaron and {Vincent}, Pascal},
        title = "{Representation Learning: A Review and New Perspectives}",
      journal = {arXiv e-prints},
     keywords = {Computer Science - Machine Learning},
         year = "2012",
        month = "Jun",
          eid = {arXiv:1206.5538},
        pages = {arXiv:1206.5538},
archivePrefix = {arXiv},
       eprint = {1206.5538},
 primaryClass = {cs.LG},
       adsurl = {https://ui.adsabs.harvard.edu/\#abs/2012arXiv1206.5538B},
      adsnote = {Provided by the SAO/NASA Astrophysics Data System}
}

@ARTICLE{brown19complexity,
   author = {{Brown}, S. and {Bergerud}, B. and {Costa}, A. and {Gaensler}, B.~M. and 
  {Isbell}, J. and {LaRocca}, D. and {Norris}, R. and {Purcell}, C. and 
  {Rudnick}, L. and {Sun}, X.},
    title = "{Classifying complex Faraday spectra with convolutional neural networks}",
  journal = {\mnras},
archivePrefix = "arXiv",
   eprint = {1711.03252},
 primaryClass = "astro-ph.IM",
 keywords = {methods: analytical, Physical data and processes: polarization, methods: data analysis, methods: numerical, methods: statistical},
     year = 2019,
    month = feb,
   volume = 483,
    pages = {964-970},
      doi = {10.1093/mnras/sty2908},
   adsurl = {http://adsabs.harvard.edu/abs/2019MNRAS.483..964B},
  adsnote = {Provided by the SAO/NASA Astrophysics Data System}
}
